@misc{1_simpledateformat, url={https://docs.oracle.com/javase/6/docs/api/java/text/SimpleDateFormat.html}, urldate={2016-11-30}, journal={Docs.oracle.com}, year={2015}, title={{{SimpleDateFormat (Java Platform SE 6)}}}}

@misc{2_ftpcmdlist, url={http://www.nsftools.com/tips/RawFTP.htm}, urldate={2016-11-30}, journal={Nsftools.com}, title={{{List of raw FTP commands}}}}

@misc{3_ftpserverreturncodes, url={https://en.wikipedia.org/wiki/List_of_FTP_server_return_codes}, urldate={2016-11-30}, journal={Wikipedia}, year={2016}, title={{{List of FTP server return codes}}}}

@misc{4_ftp, url={https://cr.yp.to/ftp.html}, urldate={2016-11-30}, journal={Cr.yp.to}, title={{{FTP: File Transfer Protocol}}}}